<?xml version="1.0" encoding="UTF-8"?><record xmlns="http://www.loc.gov/MARC21/slim" xmlns:cinclude="http://apache.org/cocoon/include/1.0" xmlns:zs="http://www.loc.gov/zing/srw/">
  <leader>00558nz  a2200157n  4500</leader>
  <controlfield tag="001">no2006007834</controlfield>
  <controlfield tag="003">DLC</controlfield>
  <controlfield tag="005">20060125071028.0</controlfield>
  <controlfield tag="008">051108n| acannaabn          |a aaa     c</controlfield>
  <datafield tag="010" ind1=" " ind2=" ">
    <subfield code="a">no2006007834</subfield>
  </datafield>
  <datafield tag="035" ind1=" " ind2=" ">
    <subfield code="a">(OCoLC)oca06835418</subfield>
  </datafield>
  <datafield tag="040" ind1=" " ind2=" ">
    <subfield code="a">MX-SlUA</subfield>
    <subfield code="b">eng</subfield>
    <subfield code="c">MX-SlUA</subfield>
  </datafield>
  <datafield tag="100" ind1="1" ind2=" ">
    <subfield code="a">Esparza del Pozo, Salvador</subfield>
  </datafield>
  <datafield tag="400" ind1="1" ind2=" ">
    <subfield code="a">Del Pozo, Salvador Esparza</subfield>
  </datafield>
  <datafield tag="400" ind1="1" ind2=" ">
    <subfield code="a">Pozo, Salvador Esparza del</subfield>
  </datafield>
  <datafield tag="670" ind1=" " ind2=" ">
    <subfield code="a">ʺProyecto y construcción de una red eléctrica de distribución subterránea para un fraccionamiento residencialʺ, 1989:</subfield>
    <subfield code="b">t.p. (Salvador Esparza del Pozo)</subfield>
  </datafield>
</record>